@article{ar:caspi,
  author = {Caspi, Avshalom and Sugden, Karen and Moffitt, Terrie E. and Taylor, Alan and Craig, Ian W. and Harrington, HonaLee and McClay, Joseph and Mill, Jonathan and Martin, Judy and Braithwaite, Antony and Poulton, Richie},
  title = {Influence of Life Stress on Depression: Moderation by a Polymorphism in the 5-HTT Gene},
  volume = {301},
  number = {5631},
  pages = {386--389},
  year = {2003},
  journal = {Science},
  publisher = {American Association for the Advancement of Science}
}

@article{ar:risch,
  author = {Risch, Neil and Herrell, Richard and Lehner, Thomas and Liang, Kung-Yee and Eaves, Lindon and Hoh, Josephine and Griem, Andrea and Kovacs, Maria and Ott, Jurg and Merikangas, Kathleen Ries},
  title = "{Interaction Between the Serotonin Transporter Gene (5-HTTLPR), Stressful Life Events, and Risk of Depression: A Meta-analysis}",
  journal = {JAMA},
  volume = {301},
  number = {23},
  pages = {2462-2471},
  year = {2009},
  month = {06},
}

@article{ar:kang,
  author = {Kang, Hyun},
  title   = {The prevention and handling of the missing data},
  journal = {Korean Journal of Anesthesiology},
  year    = 2013,
  number  = 5,
  pages   = {402-406},
  month   = 5,
  volume  = 64
}

@article{ar:azur,
  author = {Melissa J. Azur and Elizabeth A. Stuart and Constantine Frangakis and Philip J. Leaf },
  title   = {Multiple imputation by chained equations: what is it and how does it work?},
  journal = {International Journal of Methods in Psychiatric Research},
  year    = 2011,
  number  = 1,
  pages   = {40-49},
  month   = 3,
  volume  = 20
}

@book{bk:tamhane_dunlop,
  author = {Tamhane, Ajit C. and Dunlop, Dorothy D.},
  title = {Statistics and Data Analysis: From Elementary to Intermediate},
  publisher = {Prentice Hall},
  year = {2000},
  address = {Upper Saddle River, NJ, USA}
}

@book{bk:rao,
author = {Rao, C. Radhakrishna and Toutenburg, Helge and Shalabh and Heumann, Christian},
title = {Linear Models and Generalizations: Least Squares and Alternatives},
publisher = {Springer},
year = {2008},
edition = {3rd},
}

@book{bk:buuren,
author = {Buuren, Stef Van},
title = {Flexible imputation of missing data},
publisher = {Taylor \& Francis Group CRC Press},
year = {2018},
edition = {2nd},
}

@book{ar:raghunathan,
author = {Raghunathan, T.E. and Solenberger, P.W. and Van Hoewyk, J},
title = {IVEware: Imputation and Variance Estimation Software User Guide},
address = {Ann Arbor, MI, University of Michigan},
year = {2002},
}

@book{bk:montgomery,
author = {Montgomery, Douglas C. and Peck, Elizabeth A. and Vining, G. Geoffrey},
title = {Introduction to linear regression analysis},
publisher = {Wiley-Blackwell},
year = {2013},
edition = {5th},
}

@book{bk:kutner,
author = {Michael H. Kutner, Chris Nachtsheim, John Neter},
title = {Applied Linear Regression Models},
publisher = {McGraw-Hill Education},
year = {2004},
edition = {4th},
}